@article{cook1995,
	author = {Cook, Dianne and Buja, Andreas and Cabrera, Javier and Hurley, Catherine},
	doi = {10.1080/10618600.1995.10474674},
	eprint = {https://www.tandfonline.com/doi/pdf/10.1080/10618600.1995.10474674},
	journal = {Journal of Computational and Graphical Statistics},
	number = {3},
	pages = {155-172},
	publisher = {Taylor & Francis},
	title = {Grand Tour and Projection Pursuit},
	url = {https://www.tandfonline.com/doi/abs/10.1080/10618600.1995.10474674},
	volume = {4},
	year = {1995},
	bdsk-url-1 = {https://www.tandfonline.com/doi/abs/10.1080/10618600.1995.10474674},
	bdsk-url-2 = {https://doi.org/10.1080/10618600.1995.10474674}}

@misc{lib-med-liver-norms,
  author = {Lala, Vasimahmed and Zubair, Muhammad and Minter, David A.},
  title = {Liver Function Tests},
  year = 2023,
  url = {https://www.ncbi.nlm.nih.gov/books/NBK482489/},
  note = {Updated 2023 Jul 30}
}

@article{directional-outlyingness,
  author = {Rousseeuw, Peter J. and Raymaekers, Jakob and Hubert, Mia},
  title = {A Measure of Directional Outlyingness With Applications to Image Data and Video},
  journal = {Journal of Computational and Graphical Statistics},
  volume = {27},
  number = {2},
  pages = {345--359},
  year = {2018},
  publisher = {Taylor & Francis},
  doi = {10.1080/10618600.2017.1366912}
}

@book{GH96,
author="Gower, John C. and Hand, David J.",
year="1996",
title="Biplots",
publisher="Chapman and Hall",
address="London"}

@ARTICLE{Ga71,
Author="Gabriel, K. Ruben",
Year=1971,
Title="The {B}iplot {G}raphical {D}isplay of {M}atrices with {A}pplications to {P}rincipal {C}omponent {A}nalysis",
Journal="Biometrika",
Volume="58",
Pages="453--467"}

@ARTICLE{FT74,Author="Friedman, Jerome H. and Tukey, John W.",Year=1974,
Title="{A} {P}rojection {P}ursuit {A}lgorithm for {E}xploratory {D}ata
{A}nalysis", Journal="IEEE Transactions on Computing
C",Volume="23",Pages="881--889"}

@ARTICLE{JS87,Author="Jones, M. C. and Sibson, Robin",Year=1987, Title="{W}hat is
{P}rojection {P}ursuit? (with discussion)", Journal="Journal of the Royal
Statistical Society, Series A",Volume="150",Pages="1--36"}

@ARTICLE{Hu85,Author="Huber, Peter J.",Year=1985, Title="{P}rojection {P}ursuit
(with discussion)",Journal="Annals of Statistics",
Volume="13",Pages="435--525"}

@article{tours2022,
  author = {Lee, Stuart and Cook, Dianne and da Silva, Natalia and Laa, Ursula and Spyrison, Nicholas and Wang, Earo and Zhang, H. Sherry},
  year = {2022},
  title = {The state-of-the-art on tours for dynamic visualization of high-dimensional data},
  journal = {WIREs Computational Statistics},
  volume = {14},
  number = {4},
  pages = {e1573},
  keywords = {data science, data visualization, exploratory data analysis, high-dimensional data, tours},
  doi = {10.1002/wics.1573},
  url = {https://github.com/dicook/wiley-isghdd}
}

@ARTICLE{As85,Author="Asimov, Daniel",Year=1985, Title="{T}he {G}rand {T}our: {A}
{T}ool for {V}iewing {M}ultidimensional {D}ata", Journal="SIAM Journal
of Scientific and Statistical Computing",Volume="6",Number="1",
Pages="128--143"}

@INCOLLECTION{BCAH05,
  Year=2005,
  Author="Buja, Andreas and Cook, Dianne and Asimov, Daniel and Hurley, Catherine", 
  Title="{C}omputational {M}ethods for
{H}igh-{D}imensional {R}otations in {D}ata {V}isualization",
  booktitle={Handbook of Statistics: Data Mining and Visualization},
  Editor = {Rao, C.~R. and Wegman, E.~J. and Solka, J.~L.}, 
  Publisher =
{Elsevier/North-Holland}, Address={Amsterdam, The Netherlands},
  Pages="391--414"
}

@ARTICLE{BA86b,Author="Buja, Andreas and Asimov, Daniel",Year=1986, 
Title="{G}rand {T}our {M}ethods: {A}n {O}utline",
Journal="Computing Science and Statistics",
Volume=17,Pages="63--67"}

@INCOLLECTION{CLBW06,Year=2006,Author="Cook, Dianne and Lee, Eun-Kyung and Buja, Andreas and Wickham, Hadley", Title="{G}rand {T}ours, {P}rojection
{P}ursuit {G}uided {T}ours and {M}anual {C}ontrols",
booktitle={Handbook of {D}ata {V}isualization},Editor="Chen, C.-H. and
H{\"{a}}rdle, W. and Unwin, A.",Publisher="Springer",Address="Berlin"}

@BOOK{UHC06,
  Editor="Chen, C.-H. and H{\"{a}}rdle, W. and Unwin, A.",
  Year=2007,
  Title="Handbook of {D}ata {V}isualization",
  Publisher="Springer",Address="Berlin"}

@article{tourr,
	title        = {tourr: {An} {R} {Package} for {Exploring} {Multivariate} {Data} with {Projections}},
	shorttitle   = {tourr},
	author       = {Wickham, Hadley and Cook, Dianne and Hofmann, Heike and Buja, Andreas},
	year         = 2011,
	journal      = {Journal of Statistical Software},
	volume       = 40,
	number       = 2,
	doi          = {10.18637/jss.v040.i02},
	issn         = {1548-7660},
	url          = {http://www.jstatsoft.org/v40/i02/}
}

@manual{tourr-cran,
    title = {Tour Methods for Multivariate Data Visualisation},
    author = {Wickham, Hadley and Cook, Dianne and Spyrison, Nicholas and Laa, Ursula and Zhang, H. Sherry and Lee, Stuart},
    year = {2024},
    note = {R package version 1.2.0},
    url = {https://CRAN.R-project.org/package=tourr},
}

@article{mahalanobis,
  author = {Mahalanobis, Prasanta Chandra},
  year = 1936,
  title = {On the Generalised Distance in Statistics},
  journal = {Sankhya A}, 
  volume = {80 (Suppl 1)}, 
  pages = {1–7},
  url = {https://doi.org/10.1007/s13171-019-00164-5}
}


@article{MAYRHOFER2023,
	author = {Marcus Mayrhofer and Peter Filzmoser},
	journal = {Econometrics and Statistics},
	doi = {10.1016/j.ecosta.2023.04.003},
	issn = {2452-3062},
	title = {Multivariate outlier explanations using Shapley values and Mahalanobis distances},
	year = {2023}}

	

@article{rousseeuw1985multivariate,
  title={Multivariate estimation with high breakdown point},
  author={Rousseeuw, Peter J.},
  journal={Mathematical statistics and applications},
  volume={8},
  number={283-297},
  pages={37},
  year={1985}
}

@Manual{robustbase,
  title = {robustbase: Basic Robust Statistics},
  author = {Martin Maechler and Peter J. Rousseeuw and Christophe Croux and Valentin Todorov and Andreas Ruckstuhl and Matias Salibian-Barrera and Tobias Verbeke and Manuel Koller and Eduardo L. T. Conceicao and Maria {Anna di Palma}},
  year = {2024},
  note = {R package version 0.99-2},
  url = {http://robustbase.r-forge.r-project.org/},
  url = {http://robustbase.r-forge.r-project.org/},
}

@Manual{fpc,
    title = {fpc: Flexible Procedures for Clustering},
    author = {Christian Hennig},
    year = {2024},
    note = {R package version 2.2-12},
    url = {https://CRAN.R-project.org/package=fpc},
  }

@article{donoho1982,
  author = {David L. Donoho and Miriam Gasko},
  title = {{Breakdown Properties of Location Estimates Based on Halfspace Depth and Projected Outlyingness}},
  volume = {20},
  journal = {The Annals of Statistics},
  number = {4},
   year = {1992},
  publisher = {Institute of Mathematical Statistics},
  pages = {1803 -- 1827},
  doi = {10.1214/aos/1176348890},
  URL = {https://doi.org/10.1214/aos/1176348890}
}

@article{FR02,Author="Fraley, Chris and Raftery,
Adrian",Year="2002",Title="Model-based {C}lustering, {D}iscriminant
{A}nalysis, {D}ensity {E}stimation",Journal="Journal of the American
Statistical Association",Volume="97",Pages="611--631",Notes="See also
{\tt http://www.stat.washington.edu/mclust}"}

@book{mclust,
    title = {Model-Based Clustering, Classification, and Density Estimation Using {mclust} in {R}},
    author = {Luca Scrucca and Chris Fraley and T. Brendan Murphy and Adrian E. Raftery},
    publisher = {Chapman and Hall/CRC},
    isbn = {978-1032234953},
    doi = {10.1201/9781003277965},
    year = {2023},
    url = {https://mclust-org.github.io/book/},
}

@article{dunn,
author = {Halkidi, Maria and Batistakis, Yannis and Vazirgiannis, Michalis},
year = {2002},
month = {09},
pages = {},
title = {Clustering Validity Checking Methods: Part II},
volume = {31},
journal = {ACM SIGMOD Record},
doi = {10.1145/601858.601862}
}

@article{Kandanaarachchi02012021,
  author = {Sevvandi Kandanaarachchi and Rob J. Hyndman},
  title = {Dimension Reduction for Outlier Detection Using DOBIN},
  journal = {Journal of Computational and Graphical Statistics},
  volume = {30},
  number = {1},
  pages = {204--219},
  year = {2021},
  publisher = {ASA Website},
  doi = {https://doi.org/10.1080/10618600.2020.1807353}
}

@article{loperfido,
title = {Skewness-based projection pursuit: A computational approach},
journal = {Computational Statistics & Data Analysis},
volume = {120},
pages = {42-57},
year = {2018},
issn = {0167-9473},
doi = {https://doi.org/10.1016/j.csda.2017.11.001},
url = {https://www.sciencedirect.com/science/article/pii/S0167947317302360},
author = {Nicola Loperfido}
}

@BOOK{CS07,
  title     = "Interactive and Dynamic Graphics for Data Analysis: With {R} and
               {GGobi}",
  author    = "Dianne Cook and Deborah F. Swayne",
  publisher = "Springer-Verlag",
  address = "New York",
  series    = "Use R!",
  year      =  2007,
  url       = "https://link.springer.com/book/10.1007/978-0-387-71762-3#toc",
  language  = "en",
  isbn      = "978-0-387-71761-6, 978-0-387-71762-3",
  doi       = "10.1007/978-0-387-71762-3"
}

@Article{ferrn,
    title = {Visual Diagnostics for Constrained Optimisation with Application to Guided Tours},
    author = {H. Sherry Zhang and Dianne Cook and Ursula Laa and Nicolas Langren{é} and Patricia Men{é}ndez},
    journal = {The R Journal},
    year = {2021},
    volume = {13},
    number = {2},
    pages = {624-641},
    doi = {10.32614/RJ-2021-105},
  }